<?xml version="1.0" encoding="UTF-8"?><collection xmlns="http://www.loc.gov/MARC21/slim"><record><leader>00431nam--2200133-i-4500</leader><controlfield tag="001">000024169</controlfield><controlfield tag="002">20161230</controlfield><controlfield tag="005">20161230201035</controlfield><controlfield tag="008">060222s1000------------r-----000-0-eng-d</controlfield><datafield ind1=" " ind2=" " tag="080"><subfield code="a">621.039:65.012.122:519.711.2/3</subfield></datafield><datafield ind1=" " ind2=" " tag="100"><subfield code="a">Harms, A.A. And Heindler, M</subfield></datafield><datafield ind1=" " ind2=" " tag="245"><subfield code="a">Nuclear energy synergetics. an introduction to conceptual models of integrated nuclear systems</subfield></datafield><datafield ind1=" " ind2=" " tag="260"><subfield code="a">New York, Plenum Press, 1982. Xii + 238 P</subfield></datafield><datafield ind1=" " ind2=" " tag="852"><subfield code="a">70478</subfield></datafield></record></collection>